@ARTICLE{KT2000,
   author = {{Kurganov}, A. and {Tadmor}, E.},
    title = "{New High-Resolution Central Schemes for Nonlinear Conservation Laws and Convection-Diffusion Equations}",
  journal = {Journal of Computational Physics},
     year = 2000,
    month = may,
   volume = 160,
    pages = {241-282},
      doi = {10.1006/jcph.2000.6459},
   adsurl = {http://adsabs.harvard.edu/abs/2000JCoPh.160..241K},
  adsnote = {Provided by the SAO/NASA Astrophysics Data System}
}

@ARTICLE{ROKC1993,
   author = {{Ryu}, D. and {Ostriker}, J.~P. and {Kang}, H. and {Cen}, R.
	},
    title = "{A cosmological hydrodynamic code based on the total variation diminishing scheme}",
  journal = {\apj},
 keywords = {Cosmology, Dark Matter, Hydrodynamic Equations, Mach Number, Shock Waves, Tvd Schemes, Entropy, Finite Difference Theory, Supersonic Flow, Thermal Energy},
     year = 1993,
    month = sep,
   volume = 414,
    pages = {1-19},
      doi = {10.1086/173051},
   adsurl = {http://adsabs.harvard.edu/abs/1993ApJ...414....1R},
  adsnote = {Provided by the SAO/NASA Astrophysics Data System}
}


